@online{wiki,
	author = {Wikipedia},
	title = {Billboard Year End Hot 100 singles of 2015},
	year = 2016,
	urldate = {2016-05-17}
}

@online{songlyrics,
	author = {Songlyrics},
	title = {Songlyrics.com},
	year = 2016,
	howpublished = {http://www.songlyrics.com},
	urldate = {2016-05-17}
}

@online{riaa,
	author = {RIAA },
	title = {Certification Criteia},
	year = 2016,
	howpublished = {http://www.riaa.com},
	urldate = {2016-05-17}
}

@article{Divya2015,
	author = {Divya, P and Kumar, G S Nanda},
	file = {:Users/felix/Documents/Literature/Paper/V02I010103.pdf:pdf},
	keywords = {and feature selection,text classification,text clustering,text mining},
	number = {1},
	pages = {11--19},
	title = {{Study on Feature Selection Methods for Text Mining}},
	volume = {2},
	year = {2015}
}



@book{Wasserman2004,
	archivePrefix = {arXiv},
	arxivId = {arXiv:1011.1669v3},
	author = {Wasserman, Larry},
	booktitle = {Springer Texts in Statistics},
	doi = {10.1017/CBO9781107415324.004},
	eprint = {arXiv:1011.1669v3},
	file = {:Users/felix/Documents/Literature/Books/Larry Wasserman (auth.)-All of Statistics{\_} A Concise Course in Statistical Inference-Springer-Verlag New York (2004).pdf:pdf},
	isbn = {978-0387402727},
	issn = {16130073},
	pages = {33--36},
	pmid = {25246403},
	title = {{All of Statistics: A Concise Course in Statistical Inference}},
	volume = {1542},
	year = {2004}
}

@book{Murphy2012,
	author = {Murphy, Kevin P.},
	title = {Machine Learning: A Probabilistic Perspective},
	year = {2012},
	isbn = {0262018020, 9780262018029},
	publisher = {The MIT Press},
} 

@article{Breiman2001,
	archivePrefix = {arXiv},
	arxivId = {arXiv:1011.1669v3},
	author = {Breiman, Leo},
	doi = {10.1017/CBO9781107415324.004},
	eprint = {arXiv:1011.1669v3},
	file = {:Users/felix/Documents/Literature/Paper/randomforest2001.pdf:pdf},
	isbn = {9788578110796},
	issn = {1098-6596},
	journal = {Machine learning},
	keywords = {icle},
	pages = {5--32},
	pmid = {25246403},
	title = {{Random Forests}},
	volume = {45.1},
	year = {2001}
}


